@book{BirdKleinLoper09,
author = {Steven Bird and Ewan Klein and Edward Loper},
title = {{Natural Language Processing with Python}},
publisher = {O'Reilly Media},
year = 2009
}

@article{         harris2020array,
 title         = {Array programming with {NumPy}},
 author        = {Charles R. Harris and K. Jarrod Millman and St{'{e}}fan J.
                 van der Walt and Ralf Gommers and Pauli Virtanen and David
                 Cournapeau and Eric Wieser and Julian Taylor and Sebastian
                 Berg and Nathaniel J. Smith and Robert Kern and Matti Picus
                 and Stephan Hoyer and Marten H. van Kerkwijk and Matthew
                 Brett and Allan Haldane and Jaime Fern{'{a}}ndez del
                 R{'{\i}}o and Mark Wiebe and Pearu Peterson and Pierre
                 G{'{e}}rard-Marchant and Kevin Sheppard and Tyler Reddy and
                 Warren Weckesser and Hameer Abbasi and Christoph Gohlke and
                 Travis E. Oliphant},
 year          = {2020},
 month         = sep,
 journal       = {Nature},
 volume        = {585},
 number        = {7825},
 pages         = {357--362},
 doi           = {10.1038/s41586-020-2649-2},
 publisher     = {Springer Science and Business Media {LLC}},
 url           = {https://doi.org/10.1038/s41586-020-2649-2}
}

@article{JMLR:v18:16-365,
author  = {Guillaume  Lema{{\^i}}tre and Fernando Nogueira and Christos K. Aridas},
title   = {Imbalanced-learn: A Python Toolbox to Tackle the Curse of Imbalanced Datasets in Machine Learning},
journal = {Journal of Machine Learning Research},
year    = {2017},
volume  = {18},
number  = {17},
pages   = {1-5},
url     = {http://jmlr.org/papers/v18/16-365.html}
}

@inproceedings{abadi2016tensorflow, 
  title={Tensorflow: A system for large-scale machine learning}, 
  author={Abadi, Mart{\'\i}n and Barham, Paul and Chen, Jianmin and Chen, Zhifeng and Davis, Andy and Dean, Jeffrey and Devin, Matthieu and Ghemawat, Sanjay and Irving, Geoffrey and Isard, Michael and others}, 
  booktitle={12th $\{$USENIX$\}$ Symposium on Operating Systems Design and Implementation ($\{$OSDI$\}$ 16)}, 
  pages={265--283}, 
  year={2016} 
}

@inproceedings{sklearn_api, 
  author    = {Lars Buitinck and Gilles Louppe and Mathieu Blondel and 
               Fabian Pedregosa and Andreas Mueller and Olivier Grisel and 
               Vlad Niculae and Peter Prettenhofer and Alexandre Gramfort 
               and Jaques Grobler and Robert Layton and Jake VanderPlas and 
               Arnaud Joly and Brian Holt and Ga{\"{e}}l Varoquaux}, 
  title     = {{API} design for machine learning software: experiences from the scikit-learn 
               project}, 
  booktitle = {ECML PKDD Workshop: Languages for Data Mining and Machine Learning}, 
  year      = {2013}, 
  pages = {108--122}, 
}

@inproceedings{mills2019tracing,
  title={Tracing with Less Data: Active Learning for Classification-Based Traceability Link Recovery},
  author={Mills, Chris and Escobar-Avila, Javier and Bhattacharya, Aditya and Kondyukov, Grigoriy and Chakraborty, Shayok and Haiduc, Sonia},
  booktitle={2019 IEEE International Conference on Software Maintenance and Evolution (ICSME)},
  pages={103--113},
  year={2019},
  organization={IEEE}
}

@inproceedings{mills2018automatic,
  title={Automatic traceability maintenance via machine learning classification},
  author={Mills, Chris and Escobar-Avila, Javier and Haiduc, Sonia},
  booktitle={2018 IEEE International Conference on Software Maintenance and Evolution (ICSME)},
  pages={369--380},
  year={2018},
  organization={IEEE}
}

@inproceedings{bouillon2013survey,
  title={A survey on usage scenarios for requirements traceability in practice},
  author={Bouillon, Elke and M{\"a}der, Patrick and Philippow, Ilka},
  booktitle={International Working Conference on Requirements Engineering: Foundation for Software Quality},
  pages={158--173},
  year={2013},
  organization={Springer}
}

@article{mader2015developers,
  title={Do developers benefit from requirements traceability when evolving and maintaining a software system?},
  author={M{\"a}der, Patrick and Egyed, Alexander},
  journal={Empirical Software Engineering},
  volume={20},
  number={2},
  pages={413--441},
  year={2015},
  publisher={Springer}
}

@article{mader2016preventing,
  title={Preventing Defects: The Impact of Requirements Traceability Completeness on Software Quality},
  author={Rempel, Patrick and Mader, Patrick},
  journal={IEEE Transactions on Software Engineering},
  year={2016}
}

@inproceedings{james1997automatic,
	title={Automatic requirements specification update processing from a requirements management tool perspective},
	author={James, Laurence},
	booktitle={Proceedings of the International Conference and Workshop on Engineering of Computer-Based Systems},
	pages={2--9},
	year={1997},
	organization={IEEE}
}

@article{weidenhaupt1998scenarios,
	title={Scenarios in system development: current practice},
	author={Weidenhaupt, Klaus and Pohl, Klaus and Jarke, Matthias and Haumer, Peter},
	journal={IEEE Software},
	volume={15},
	number={2},
	pages={34--45},
	year={1998},
	publisher={IEEE}
}

@inproceedings{antoniol2000traceability,
	title={Traceability recovery by modeling programmer behavior},
	author={Antoniol, Giuliano and Casazza, C and Cimitile, Aniello},
	booktitle={Proceedings of the Seventh Working Conference on Reverse Engineering},
	pages={240--247},
	year={2000},
	organization={IEEE}
}

@article{borg2014recovering,
	title={Recovering from a decade: A systematic mapping of information retrieval approaches to software traceability},
	author={Borg, Markus and Runeson, Per and Ard{\"o}, Anders},
	journal={Empirical Software Engineering},
	volume={19},
	number={6},
	pages={1565--1616},
	year={2014}
}